@article{watkins1992q,
  title     = {Q-learning},
  author    = {Watkins, Christopher JCH and Dayan, Peter},
  journal   = {Machine learning},
  volume    = {8},
  number    = {3},
  pages     = {279--292},
  year      = {1992},
  publisher = {Springer}
}
